@article{alawajee2021influence,
    author = "Alawajee, Omar",
    doi = "10.30935/cedtech/10886",
    title = "Influence of COVID-19 on Students' Sign Language Learning in a Teacher-Preparation Program in Saudi Arabia: Moving to E-Learning",
    journal = "Contemporary Educational Technology",
    year = "2021"
}

@article{fidan2023perspectives,
    author = "Fidan, Çiğdem",
    doi = "10.37233/trsped.2023.0143",
    title = "Perspectives of Turkish Teachers on Deaf Students' Access to English as a Foreign Language Education",
    journal = "Turkish Journal of Special Education Research and Practice",
    year = "2023"
}

@article{swanwick2015deaf,
    author = "Swanwick, Ruth",
    doi = "10.1017/s0261444815000348",
    title = "Deaf Children's Bimodal Bilingualism and Education",
    journal = "Language Teaching",
    year = "2015"
}

@article{humphries2017discourses,
    author = "Humphries, Tom and Kushalnagar, Poorna and Mathur, Gaurav and Napoli, Donna Jo and Padden, Carol and Rathmann, Christian and Smith, Scott R.",
    doi = "10.1136/medethics-2015-103242",
    title = "Discourses of Prejudice in the Professions: The Case of Sign Languages",
    journal = "Journal of Medical Ethics",
    year = "2017"
}

@article{zhang2024design,
    author = "Zhang, Yuanyuan",
    doi = "10.52783/jes.2638",
    title = "Design and Optimization of English-Speaking Teaching Model Using Virtual Reality Technology",
    journal = "Jes",
    year = "2024"
}

@article{essoe2022enhancing,
    author = "Essoe, Joey Ka-Yee and Reggente, Nicco and Ohno, Ai and Baek, Younji Hera and Dell'Italia, John and Rissman, Jesse",
    doi = "10.1038/s41539-022-00147-6",
    title = "Enhancing Learning and Retention With Distinctive Virtual Reality Environments and Mental Context Reinstatement",
    journal = "NPJ Science of Learning",
    year = "2022"
}

@article{yuan2024practice,
    author = "Yuan, Siyuan",
    doi = "10.52783/jes.3072",
    title = "Practice and Exploration of University English Teaching Reform Based on Virtual Reality Technology",
    journal = "Jes",
    year = "2024"
}

@article{lin2024design,
    author = "Lin, Xiuyu and Li, Runbo and Chen, Zhirong and Xiong, Jiayi",
    doi = "10.3389/fpsyg.2023.1292110",
    title = "Design Strategies for VR Science and Education Games From an Embodied Cognition Perspective: A Literature-Based Meta-Analysis",
    journal = "Frontiers in Psychology",
    year = "2024"
}

@article{wang2024study,
    author = "Wang, Lixin",
    doi = "10.52783/jes.2626",
    title = "A Study on the Application of Virtual Reality Technology in Engish Language Education Relying on Immersive Learning Environments and Interactive Experience Design",
    journal = "Jes",
    year = "2024"
}

@article{alwafi2022social,
    author = "Alwafi, Ghadeer and Almalki, Saliha and Alrougi, Mona and Meccawy, Maram and Meccawy, Zilal",
    doi = "10.3991/ijim.v16i09.28289",
    title = "A Social Virtual Reality Mobile Application for Learning and Practicing English",
    journal = "International Journal of Interactive Mobile Technologies (Ijim)",
    year = "2022"
}

@article{xie2022virtual,
    author = "Xie, Yu and Liu, Yang and Zhang, Fengrui and Ping, Zhou",
    doi = "10.3389/fpsyg.2021.767363",
    title = "Virtual Reality-Integrated Immersion-Based Teaching to English Language Learning Outcome",
    journal = "Frontiers in Psychology",
    year = "2022"
}

@article{dhimolea2022systematic,
    author = "Dhimolea, Tetyana Kucher and Kaplan‐Rakowski, Regina and Lin, Lin",
    doi = "10.1007/s11528-022-00717-w",
    title = "A Systematic Review of Research on High-Immersion Virtual Reality for Language Learning",
    journal = "Techtrends",
    year = "2022"
}

@article{goppelt2022deaf,
    author = "Goppelt-Kunkel, Anja and others",
    title = "Deaf Children's Linguistic Strategies in Co-enrollment Settings",
    journal = "Educational Research Quarterly",
    year = "2022"
}
